@incollection{sundar2008main,
  title     = {The MAIN model: A heuristic approach to understanding technology effects on credibility},
  author    = {Sundar, S. Shyam},
  booktitle = {Digital media, youth, and credibility},
  pages     = {73--100},
  year      = {2008},
  publisher = {MIT Press}
}

@article{liang2008user,
  title   = {User attitudes and advertising effectiveness in online social networking websites},
  author  = {Liang, Xinxuan and Lee, Moonkyu},
  journal = {Journal of Interactive Advertising},
  volume  = {8},
  number  = {2},
  pages   = {1--13},
  year    = {2008}
}

@article{shavitt1998public,
  title   = {Public attitudes towards advertising: More favorable than you might think},
  author  = {Shavitt, Sharon and Lowrey, Peter and Haefner, Jacqueline},
  journal = {Journal of Advertising Research},
  volume  = {38},
  number  = {4},
  pages   = {7--22},
  year    = {1998}
}

@article{roy2020role,
  title   = {The role of interactivity in advertising effectiveness: A systematic review and research agenda},
  author  = {Roy, Sangeeta and Arora, Parul and Bhatia, Vijay},
  journal = {Journal of Advertising},
  volume  = {49},
  number  = {2},
  pages   = {168--192},
  year    = {2020}
}

@article{giombi2022impact,
  title   = {The impact of interactive advertising on consumer engagement, recall, and understanding: A scoping systematic review for informing regulatory science},
  author  = {Giombi, Kristen and Viator, Catherine and Hoover, Juliana and Tzeng, Janice and Sullivan, Helen W and O'Donoghue, Amie C and Southwell, Brian G and Kahwati, Leila C},
  journal = {PLoS One},
  volume  = {17},
  number  = {2},
  pages   = {e0263339},
  year    = {2022},
  doi     = {10.1371/journal.pone.0263339},
  url     = {https://doi.org/10.1371/journal.pone.0263339}
}

@book{petty1986communication,
  title     = {Communication and persuasion: central and peripheral routes to attitude change},
  author    = {Petty, Richard E. and Cacioppo, John T.},
  year      = {1986},
  publisher = {Springer-Verlag},
  address   = {Berlin, Germany},
  pages     = {4},
  isbn      = {978-0387963440}
}

@article{ajzen1991theory,
  title   = {The theory of planned behavior},
  author  = {Ajzen, I.},
  journal = {Organizational Behavior and Human Decision Processes},
  volume  = {50},
  number  = {2},
  pages   = {179--211},
  year    = {1991}
}

@book{bandura1986social,
  title     = {Social foundations of thought and action: A social cognitive theory},
  author    = {Bandura, A.},
  year      = {1986},
  publisher = {Prentice-Hall}
}

@article{liu2002interactivity,
  title   = {What is interactivity and is it always such a good thing? Implications of definition, person, and situation for the influence of interactivity on advertising effectiveness},
  author  = {Liu, Y. and Shrum, L. J.},
  journal = {Journal of Advertising},
  volume  = {31},
  number  = {4},
  pages   = {53--64},
  year    = {2002}
}

@book{short1976social,
  title     = {The social psychology of telecommunications},
  author    = {Short, J. and Williams, E. and Christie, B.},
  year      = {1976},
  publisher = {John Wiley \& Sons}
}

@article{antonova2015psychological,
  title   = {The psychological effectiveness of interactive advertising},
  author  = {Antonova, N. V.},
  journal = {Russian Psychological Journal},
  volume  = {12},
  number  = {4},
  pages   = {28--40},
  year    = {2015}
}
